
@phdthesis{cao_queueing_2013,
	title = {Queueing {Network} {Modeling} of {Human} {Performance} in {Complex} {Cognitive} {Multi}-task {Scenarios}},
	url = {https://deepblue.lib.umich.edu/bitstream/handle/2027.42/102477/shicao_1.pdf?sequence=1},
	urldate = {2017-01-18TZ},
	school = {University of Michigan},
	author = {Cao, Shi},
	year = {2013},
	keywords = {5 stars, Confirmation, applications, psychology}
}


@article{sutton_bayesian_2011,
	title = {Bayesian Inference for Queueing Networks and Modeling of Internet Services},
	journal = {The Annals of Applied Statistics},
	author = {Sutton, Charles and Jordan, Michael I},
	year = {2011},
	keywords = {6 stars, Confirmation, thisperson, web server, JSSP},
	pages = {254--282}
}

@article{krivulin_recursive_1994,
	title = {A Recursive Equations Based Representation for the {G}/{G}/m Queue},
	volume = {7},
	url = {http://www.sciencedirect.com/science/article/pii/0893965994901163},
	number = {3},
	urldate = {2017-02-08TZ},
	journal = {Applied Mathematics Letters},
	author = {Krivulin, Nikolai K.},
	year = {1994},
	pages = {73--77}
}


@article{gans_telephone_2003,
	title = {Telephone Call Centers: {Tutorial}, Review, and Research Prospects},
	volume = {5},
	shorttitle = {Telephone call centers},
	url = {http://pubsonline.informs.org/doi/abs/10.1287/msom.5.2.79.16071},
	number = {2},
	urldate = {2017-01-18TZ},
	journal = {Manufacturing \& Service Operations Management},
	author = {Gans, Noah and Koole, Ger and Mandelbaum, Avishai},
	year = {2003},
	keywords = {Confirmation, call centre, JSSP},
	pages = {79--141}
}

@article{glynn_departures_1991,
	title = {Departures from many Queues in Series},
	url = {http://www.jstor.org/stable/2959706},
	urldate = {2017-01-19TZ},
	journal = {The Annals of Applied Probability},
	author = {Glynn, Peter W. and Whitt, Ward},
	year = {1991},
	keywords = {tandem queueing, JSSP},
	pages = {546--572}
}

@article{hunt_fast_1995,
	title = {Fast Simulation of Open Queueing Systems},
	volume = {65},
	url = {http://sim.sagepub.com/content/65/3/183.short},
	number = {3},
	urldate = {2017-02-11TZ},
	journal = {Simulation},
	author = {Hunt, Cortney S. and Foote, Bobbie L.},
	year = {1995},
    keywords = {JSSP},
	pages = {183--190}
}

@article{jackson_networks_1957,
	title = {Networks of Waiting Lines},
	volume = {5},
	number = {4},
	journal = {Operations research},
	author = {Jackson, James R},
	year = {1957},
	keywords = {Markov chain, Operations research, queueing, thisperson, JSSP},
	pages = {518--521}
}



@article{kiefer_theory_1955,
	title = {On the Theory of Queues with many Servers},
	volume = {78},
	url = {http://www.jstor.org/stable/1992945},
	number = {1},
	urldate = {2017-02-11TZ},
	journal = {Transactions of the American Mathematical Society},
	author = {Kiefer, J. and Wolfowitz, J.},
	year = {1955},
    keywords = {JSSP},
	pages = {1--18}
}

@article{kim_analysis_1989,
	title = {Analysis of the Fork-Join Queue},
	volume = {38},
	url = {http://ieeexplore.ieee.org/abstract/document/16501/},
	number = {2},
	urldate = {2017-01-23TZ},
	journal = {IEEE Transactions on computers},
	author = {Kim, Cheeha and Agrawala, Ashok K.},
	year = {1989},
    keywords = {JSSP},
	pages = {250--255}
}

@article{kin_generalized_2010,
	title = {Generalized {Lindley}-Type Recursive Representations for Multiserver Tandem Queues with Blocking},
	volume = {20},
	url = {http://dl.acm.org/citation.cfm?id=1842726},
	number = {4},
	urldate = {2017-02-10TZ},
	journal = {ACM Transactions on Modeling and Computer Simulation (TOMACS)},
	author = {Kin, Wai and Chan, Victor},
	year = {2010},
	pages = {21},
    keywords = {JSSP}
}

@article{kozan_comparison_1997,
	title = {Comparison of Analytical and Simulation Planning Models of Seaport Container Terminals},
	volume = {20},
	url = {http://www.tandfonline.com/doi/abs/10.1080/03081069708717591},
	number = {3},
	urldate = {2017-02-03TZ},
	journal = {Transportation Planning and Technology},
	author = {Kozan, Erhan},
	year = {1997},
	keywords = {thisperson, JSSP},
	pages = {235--248}
}

@article{krivulin_recursive_2012,
	title = {Recursive Equations Based Models of Queueing Systems},
	url = {https://arxiv.org/abs/1210.7445},
	urldate = {2017-02-08TZ},
	journal = {arXiv preprint arXiv:1210.7445},
	author = {Krivulin, Nikolai K.},
	year = {2012},
    keywords = {JSSP}
}


@article{lin_joint_2013,
	title = {Joint Optimization of Overlapping Phases in {MapReduce}},
	volume = {70},
	url = {http://www.sciencedirect.com/science/article/pii/S0166531613000916},
	number = {10},
	urldate = {2017-01-25TZ},
	journal = {Performance Evaluation},
	author = {Lin, Minghong and Zhang, Li and Wierman, Adam and Tan, Jian},
	year = {2013},
	keywords = {5 stars, JSSP},
	pages = {720--735}
}

@inproceedings{lindley_theory_1952,
	title = {The Theory of Queues with a Single Server},
	volume = {48},
	url = {http://journals.cambridge.org/article_S0305004100027638},
	urldate = {2017-02-08TZ},
	booktitle = {Mathematical {Proceedings} of the {Cambridge} {Philosophical} {Society}},
	publisher = {Cambridge Univ Press},
	author = {Lindley, David V.},
	year = {1952},
    keywords = {JSSP},
	pages = {277--289}
}

@article{sunnaker_approximate_2013,
	title = {Approximate {B}ayesian Computation},
	volume = {9},
	number = {1},
	journal = {PLoS Comput Biol},
	author = {Sunnåker, Mikael and Busetto, Alberto Giovanni and Numminen, Elina and Corander, Jukka and Foll, Matthieu and Dessimoz, Christophe},
	year = {2013},
	pages = {e1002803},
    keywords = {JSSP}
}

@inproceedings{sutton_inference_2010,
	title = {Inference and {Learning} in {Networks} of {Queues}.},
	url = {http://www.jmlr.org/proceedings/papers/v9/sutton10a/sutton10a.pdf},
	urldate = {2017-01-18TZ},
	booktitle = {{AISTATS}},
	author = {Sutton, Charles A. and Jordan, Michael I.},
	year = {2010},
	keywords = {5 stars},
	pages = {796--803}
}

@article{takagi_queueing_2016,
	title = {Queueing Network Model for Obstetric Patient Flow in a Hospital},
	url = {http://link.springer.com/article/10.1007/s10729-016-9363-5},
	urldate = {2017-01-18TZ},
	journal = {Health care management science},
	author = {Takagi, Hideaki and Kanai, Yuta and Misue, Kazuo},
	year = {2016},
	keywords = {Confirmation},
	pages = {1--19}
}

@article{van_woensel_modeling_2007,
	title = {Modeling Traffic Flows with Queueing Models: A Review},
	volume = {24},
	shorttitle = {Modeling traffic flows with queueing models},
	url = {http://www.worldscientific.com/doi/abs/10.1142/S0217595907001383},
	number = {04},
	urldate = {2017-01-25TZ},
	journal = {Asia-Pacific Journal of Operational Research},
	author = {Van Woensel, Tom and Vandaele, Nico},
	year = {2007},
	pages = {435--461},
    keywords = {JSSP}
}

@article{wu_review_2013,
	title = {A Review of Models and Model Usage Scenarios for an Airport Complex System},
	volume = {47},
	journal = {Transportation Research Part A: Policy and Practice},
	author = {Wu, Paul Pao-Yen and Mengersen, Kerrie},
	year = {2013},
	pages = {124--140},
    keywords = {JSSP}
}







@article{dallery_manufacturing_1992,
	title = {Manufacturing Flow Line Systems: A Review of Models and Analytical Results},
	volume = {12},
	shorttitle = {Manufacturing flow line systems},
	url = {http://link.springer.com/article/10.1007/BF01158636},
	number = {1-2},
	urldate = {2017-01-19TZ},
	journal = {Queueing systems},
	author = {Dallery, Yves and Gershwin, Stanley B.},
	year = {1992},
	keywords = {5 stars, Confirmation, tandem queueing, JSSP},
	pages = {3--94}
}


@article{brahimi_queueing_1991,
	title = {Queueing Models for Out-Patient Appointment Systems—{A} Case Study},
	volume = {42},
	url = {http://link.springer.com/article/10.1057/jors.1991.144},
	number = {9},
	urldate = {2017-01-27TZ},
	journal = {Journal of the Operational Research Society},
	author = {Brahimi, M. and Worthington, D. J.},
	year = {1991},
	keywords = {Confirmation, Healthcare, applications, thisperson, JSSP},
	pages = {733--746}
}


@article{wickham2014tidy,
  title={Tidy Data},
  author={Wickham, Hadley},
  journal={Journal of Statistical Software},
  volume={59},
  number={10},
  pages={1--23},
  year={2014},
  publisher={Foundation for Open Access Statistics}
}

@article{matloff2008introduction,
  title={Introduction to Discrete-Event Simulation and the \pkg{simpy} Language},
  author={Matloff, Norm},
  journal={Davis, CA. Dept of Computer Science. University of California at Davis. Retrieved on August},
  volume={2},
  pages={2009},
  year={2008}
}

@article{weinberg2007bayesian,
  title={Bayesian Forecasting of an Inhomogeneous Poisson Process with Applications to Call Center Data},
  author={Weinberg, Jonathan and Brown, Lawrence D and Stroud, Jonathan R},
  journal={Journal of the American Statistical Association},
  volume={102},
  number={480},
  pages={1185--1198},
  year={2007},
  publisher={Taylor \& Francis}
}

@article{brown2005statistical,
  title={Statistical Analysis of a Telephone Call Center: A Queueing-Science Perspective},
  author={Brown, Lawrence and Gans, Noah and Mandelbaum, Avishai and Sakov, Anat and Shen, Haipeng and Zeltyn, Sergey and Zhao, Linda},
  journal={Journal of the American statistical association},
  volume={100},
  number={469},
  pages={36--50},
  year={2005},
  publisher={Taylor \& Francis}
}

@article{muddapur1972bayesian,
  title={Bayesian Estimates of Parameters in some Queueing Models},
  author={Muddapur, MV},
  journal={Annals of the Institute of Statistical Mathematics},
  volume={24},
  number={1},
  pages={327--331},
  year={1972},
  publisher={Springer-Verlag}
}


@article{armero1994bayesian,
  title={Bayesian Inference in {M}arkovian Queues},
  author={Armero, Carmen},
  journal={Queueing Systems},
  volume={15},
  number={1-4},
  pages={419--426},
  year={1994},
  publisher={Springer-Verlag}
}

@article{clarke1957maximum,
  title={Maximum Likelihood Estimates in a Simple Queue},
  author={Clarke, A Bruce},
  journal={The Annals of Mathematical Statistics},
  volume={28},
  number={4},
  pages={1036--1040},
  year={1957},
  publisher={Institute of Mathematical Statistics}
}

@book{lipsky2008queueing,
  title={Queueing Theory: A Linear Algebraic Approach},
  author={Lipsky, Lester},
  year={2008},
  publisher={Springer-Verlag}
}

@book{thomopoulos2012fundamentals,
  title={Fundamentals of Queuing Systems: Statistical Methods for Analyzing Queuing Models},
  author={Thomopoulos, Nick T},
  year={2012},
  publisher={Springer-Verlag}
}

@Article{riosqueueing,
  Title                    = {Queueing Analysis},
  Author                   = {Rios Insua, David and Ruggeri, Fabrizio and Wiper, Michael P},
  Journal                  = {Bayesian Analysis of Stochastic Process Models},
  Year                     = {2012},
  Pages                    = {161--199},

  File                     = {:riosqueueing - Queueing Analysis.pdf:PDF},
  Publisher                = {Wiley Online Library}
}

@Article{koopman1972air,
  Title                    = {Air-Terminal Queues under Time-Dependent Conditions},
  Author                   = {Koopman, Bernard O},
  Journal                  = {Operations Research},
  Year                     = {1972},
  Number                   = {6},
  Pages                    = {1089--1114},
  Volume                   = {20},

  File                     = {:koopman1972air - Air-terminal queues under time-dependent conditions.pdf:PDF},
  Publisher                = {INFORMS}
}

@techreport{buzen1971queueing,
  title={Queueing Network Models of Multiprogramming},
  author={Buzen, Jeffrey P},
  year={1971},
  institution={DTIC Document}
}

@inproceedings{bertoli2006java,
  title={Java Modelling Tools: An Open Source Suite for Queueing Network Modelling and Workload Analysis},
  author={Bertoli, Marco and Casale, Giuliano and Serazzri, G},
  booktitle={Third International Conference on the Quantitative Evaluation of Systems-(QEST'06)},
  pages={119--120},
  year={2006},
  organization={IEEE}
}

@Manual{Rpkg_simmer,
  title = {\pkg{simmer}: Discrete-Event Simulation for \proglang{R}},
  author = {Iñaki Ucar and Bart Smeets},
  year = {2016},
  note = {\proglang{R} package version 3.5.1},
  url = {https://CRAN.R-project.org/package=simmer},
}

@Manual{Rpkg_queuecomputer,
  title = {\pkg{queuecomputer}: Computationally Efficient Queue Simulation},
  author = {Anthony Ebert},
  year = {2016},
  note = {\proglang{R} package version 0.8.3},
  url = {https://CRAN.R-project.org/package=queuecomputer},
}
 
@Manual{Rpkg_dplyr,
  title = {\pkg{dplyr}: A Grammar of Data Manipulation},
  author = {Hadley Wickham and Romain Francois},
  year = {2016},
  note = {\proglang{R} package version 0.5.0},
  url = {https://CRAN.R-project.org/package=dplyr},
}

@Manual{Rpkg_microbenchmark,
  title = {\pkg{microbenchmark}: Accurate Timing Functions},
  author = {Olaf Mersmann},
  year = {2015},
  note = {\proglang{R} package version 1.4-2.1},
  url = {https://CRAN.R-project.org/package=microbenchmark},
}
 
 @Manual{Ppkg_simpy,
  title = {\pkg{simpy}: Discrete Event Simulation for \proglang{Python}},
  author = {Ontje L{\"u}nsdorf and Stefan Scherfke},
  year = {2013},
  note = {\proglang{python} package version 3.0.10},
  url = {https://simpy.readthedocs.io/en/latest/index.html},
 }
 
 @article{Jpkg_JMT,
 author = {Bertoli,, Marco and Casale,, Giuliano and Serazzi,, Giuseppe},
 title = {\pkg{JMT}: Performance Engineering Tools for System Modeling},
 journal = {SIGMETRICS Perform. Eval. Rev.},
 volume = {36},
 number = {4},
 year = {2009},
 issn = {0163-5999},
 pages = {10--15},
 doi = {http://doi.acm.org/10.1145/1530873.1530877},
 publisher = {ACM},
 address = {New York, NY, USA},
 }


@article{koole2002queueing,
  title={Queueing Models of Call Centers: An Introduction},
  author={Koole, Ger and Mandelbaum, Avishai},
  journal={Annals of Operations Research},
  volume={113},
  number={1-4},
  pages={41--59},
  year={2002},
  publisher={Springer-Verlag}
}


@article{papadopoulos1996queueing,
  title={Queueing Theory in Manufacturing Systems Analysis and Design: A Classification of Models for Production and Transfer Lines},
  author={Papadopoulos, HT and Heavey, Cathal},
  journal={European journal of operational Research},
  volume={92},
  number={1},
  pages={1--27},
  year={1996},
  publisher={Elsevier}
}

@article{armero1999dealing,
  title={Dealing with Uncertainties in Queues and Networks of Queues: A Bayesian Approach},
  author={Armero, C and Bayarri, MJ},
  year={1999},
  publisher={Citeseer}
}


@article{kendall1953stochastic,
  title={Stochastic Processes Occurring in the Theory of Queues and their Analysis by the Method of the Imbedded Markov Chain},
  author={Kendall, David G},
  journal={The Annals of Mathematical Statistics},
  pages={338--354},
  year={1953},
  publisher={JSTOR}
}

@article{lakshmi2013application,
  title={Application of Queueing Theory in Health Care: A Literature Review},
  author={Lakshmi, C and Iyer, Sivakumar Appa},
  journal={Operations Research for Health Care},
  volume={2},
  number={1},
  pages={25--39},
  year={2013},
  publisher={Elsevier}
}

@book{insua2012bayesian,
  title={Bayesian Analysis of Stochastic Process Models},
  author={Rios Insua, David and Ruggeri, Fabrizio and Wiper, Mike},
  volume={978},
  year={2012},
  publisher={John Wiley \& Sons}
}

@article{sanderson2016armadillo,
  title={\pkg{Armadillo}: A Template-Based \proglang{C++} Library for Linear Algebra},
  author={Sanderson, Conrad and Curtin, Ryan},
  journal={Journal of Open Source Software},
  volume={1},
  number={2},
  pages={26--32},
  year={2016},
  publisher={Journal of Open Source Software}, 
  keywords={C++, package}
}

@article{eddelbuettel2014rcpparmadillo,
  title={\pkg{RcppArmadillo}: Accelerating \proglang{R} with High-Performance \proglang{C++} Linear Algebra},
  author={Eddelbuettel, Dirk and Sanderson, Conrad},
  journal={Computational Statistics \& Data Analysis},
  volume={71},
  pages={1054--1063},
  year={2014},
  publisher={Elsevier},
  keywords={C++, R, package}
}

@article{eddelbuettel2011rcpp,
  title={\pkg{Rcpp}: Seamless \proglang{R} and \proglang{C++} Integration},
  author={Eddelbuettel, Dirk and Fran{\c{c}}ois, Romain and Allaire, J and Chambers, John and Bates, Douglas and Ushey, Kevin},
  journal={Journal of Statistical Software},
  volume={40},
  number={8},
  pages={1--18},
  year={2011}
}

@book{medhi2002stochastic,
  title={Stochastic Models in Queueing Theory},
  author={Medhi, Jyotiprasad},
  year={2002},
  publisher={Academic Press}
}

@book{cassandras2009introduction,
  title={Introduction to Discrete Event Systems},
  author={Cassandras, Christos G and Lafortune, Stephane},
  year={2009},
  publisher={Springer-Verlag}
}

@article{nance1981time,
  title={The Time and State Relationships in Simulation Modeling},
  author={Nance, Richard E},
  journal={Communications of the ACM},
  volume={24},
  number={4},
  pages={173--179},
  year={1981},
  publisher={ACM}
}

@phdthesis{malone1995dynamic,
  title={Dynamic Queueing Systems: Behavior and Approximations for Individual Queues and for Networks},
  author={Malone, Kerry Marie},
  year={1995},
  school={Massachusetts Institute of Technology}
}

@article{worthington2009reflections,
  title={Reflections on Queue Modelling from the last 50 Years},
  author={Worthington, D},
  journal={Journal of the Operational Research Society},
  volume={60},
  number={1},
  pages={S83--S92},
  year={2009},
  publisher={Springer-Verlag}
}

@Article{green1991some,
  Title                    = {Some Effects of Nonstationarity on Multiserver {M}arkovian Queueing Systems},
  Author                   = {Green, Linda and Kolesar, Peter and Svoronos, Anthony},
  Journal                  = {Operations Research},
  Year                     = {1991},
  Number                   = {3},
  Pages                    = {502--511},
  Volume                   = {39},

  Publisher                = {INFORMS}
}

@inproceedings{cao2003web,
  title={Web Server Performance Modeling using an M/G/1/K* PS Queue},
  author={Cao, Jianhua and Andersson, Mikael and Nyberg, Christian and Kihl, Maria},
  booktitle={Telecommunications, 2003. ICT 2003. 10th International Conference on},
  volume={2},
  pages={1501--1506},
  year={2003},
  organization={IEEE}
}

@book{bhat2015introduction,
  title={An Introduction to Queueing Theory: Modeling and Analysis in Applications},
  author={Bhat, U Narayan},
  year={2015},
  publisher={Birkhäuser}
}

@Manual{Rproglang,
    title = {\proglang{R}: A Language and Environment for Statistical Computing},
    author = {{\proglang{R} Core Team}},
    organization = {R Foundation for Statistical Computing},
    address = {Vienna, Austria},
    year = {2016},
    url = {https://www.R-project.org/},
}

@Manual{pythonproglang,
    title = {\proglang{Python} Language Reference},
    author = {{\proglang{Python} Software Foundation, version {{3.4.2}}}},
    organization = {Python Software Foundation},
    address = {Vienna, Austria},
    year = {2016},
    url = {http://www.python.org},
}

@misc{van2011python,
  title={The \proglang{Python} Language Reference},
  author={Van Rossum, Guido and Drake, Fred L},
  howpublished = {\url{https://docs.python.org/release/3.4.2/reference/index.html#reference-index}},
  year={2014}
}

@book{gosling2000java,
  title={The \proglang{Java} language specification},
  author={Gosling, James},
  year={2000},
  publisher={Addison-Wesley Professional}
}

@article{dahl1966simula,
  title={\proglang{SIMULA}: {{A}}n ALGOL-based Simulation Language},
  author={Dahl, Ole-Johan and Nygaard, Kristen},
  journal={Communications of the ACM},
  volume={9},
  number={9},
  pages={671--678},
  year={1966},
  publisher={ACM}
}



@Book{Rpkg_ggplot2,
  author = {Hadley Wickham},
  title = {\pkg{ggplot2}: Elegant Graphics for Data Analysis},
  publisher = {Springer-Verlag New York},
  year = {2009},
  isbn = {978-0-387-98140-6},
  url = {http://ggplot2.org},
}


